@inproceedings{Petersen2006TheMC,
  title={The Matrix Cookbook},
  author={Kaare Brandt Petersen and Michael Syskind Pedersen},
  year={2006}
}
@book{bishop2006,
author = {Bishop, Christopher},
title = {Pattern Recognition and Machine Learning},
year = {2006},
month = {January},
publisher = {Springer},
url = {https://www.microsoft.com/en-us/research/publication/pattern-recognition-machine-learning/},
}
@book{Burden2016,
author = {Burden, Annette and Burden, Richard and Faires, J.},
year = {2016},
month = {01},
pages = {},
title = {Numerical Analysis, 10th ed.},
isbn = {1305253663},
doi = {10.13140/2.1.4830.2406}
}